@misc{introtocfrm,
    author = "Neller, Todd W., and Lanctot, Marc",
    title  = "An Introduction to Counterfactual Regret Minimization",
    month  = "Jul",
    year   = "2013"
}

@misc{pokernews,
    author = "Yakovenko, Nikolai",
	title = {{Artificial Intelligence and Hold'em, Part 1: Counter-Factual Regret Minimization}},
	url = {https://www.pokernews.com/strategy/artificial-intelligence-hold-em-1-23152.htm},
	urldate = {2016-12-12}
}


@misc{regretmin,
    author = "Bowling, M., Piccione, C., Johanson, M., Zinkevich, M.,",
    title  = "Regret Minimization in Games with Incomplete Information",
    month  = "Oct",
    year   = "2010"
}

@misc{twinrivers,
	title = {{Twin River Casino, Rhode Island}},
	url = {http://www.twinriver.com/},
	urldate = {2016-12-12}
}
